
@TechReport{Cabanier:14:HCC,
  author      = "Rik Cabanier and Tom Wiltzius and Eliot Graff and Ian Hickson and Jay Munro",
  title       = "{HTML} Canvas {2D} Context",
  month       = may,
  note        = "http://www.w3.org/TR/2014/WD-2dcontext-20140520/",
  year        = "2014",
  bibsource   = "http://w2.syronex.com/jmr/w3c-biblio",
  type        = "Last Call {WD}",
  institution = "W3C",
}
